<?xml version="1.0" encoding="UTF-8"?><collection><record><leader>07249ntm a2200577 a 4500</leader><controlfield tag="001">006795313</controlfield><controlfield tag="003">MiAaHDL</controlfield><controlfield tag="005">20190719000000.0</controlfield><controlfield tag="006">m        d        </controlfield><controlfield tag="007">cr bn ---auaua</controlfield><controlfield tag="008">090520s1617    tu            00| ||ara d</controlfield><datafield tag="035" ind1=" " ind2=" "><subfield code="a">(MiU)006795313</subfield></datafield><datafield tag="035" ind1=" " ind2=" "><subfield code="a">sdr-miu006795313</subfield></datafield><datafield tag="040" ind1=" " ind2=" "><subfield code="a">MiU</subfield><subfield code="c">MiU</subfield><subfield code="e">amremm</subfield></datafield><datafield tag="041" ind1="0" ind2=" "><subfield code="a">ara</subfield><subfield code="a">ota</subfield></datafield><datafield tag="043" ind1=" " ind2=" "><subfield code="a">n-us-mi</subfield><subfield code="a">a-tu---</subfield></datafield><datafield tag="245" ind1="0" ind2="0"><subfield code="6">880-03</subfield><subfield code="a">[Defter,</subfield><subfield code="f">ca. 1026, i.e. 1617].</subfield></datafield><datafield tag="260" ind1=" " ind2=" "><subfield code="a">[Istanbul?,</subfield><subfield code="c">1617?].</subfield></datafield><datafield tag="300" ind1=" " ind2=" "><subfield code="a">7 leaves :</subfield><subfield code="b">paper ;</subfield><subfield code="c">322 x 142 (255 x 68) mm.</subfield></datafield><datafield tag="500" ind1=" " ind2=" "><subfield code="a">Shelfmark: Ann Arbor, University of Michigan, Special Collections Library, Isl. Ms. 214</subfield></datafield><datafield tag="500" ind1=" " ind2=" "><subfield code="a">Origin: Final record entries dated Ṣafar 1026 [February-March 1617] ; copy likely executed just after.</subfield></datafield><datafield tag="500" ind1=" " ind2=" "><subfield code="a">Former shelfmark: "537 T. De M. [i.e. Tammaro de Marinis]" inscribed in pencil on verso of front flyleaf.</subfield></datafield><datafield tag="500" ind1=" " ind2=" "><subfield code="a">Binding: Pasteboards covered in shell marbled paper (in shades of lavender, brown, etc.) with spine in gray leather ; Type III binding (without flap) ; pastedowns and flyleaves in coated, green surface-dyed wove paper ; sewn in red thread, six stations ; overall in fair condition with some abrasion, staining, lifting and losses of paper, etc.</subfield></datafield><datafield tag="500" ind1=" " ind2=" "><subfield code="a">Support: non-European laid paper with 8 laid lines per cm. (horizontal or vertical, fairly indistinct), cloudy formation, thin and transluscent though sturdy, burnished.</subfield></datafield><datafield tag="500" ind1=" " ind2=" "><subfield code="a">Decoration: Superb illuminated headpiece (ʻunwān / sarlawḥ) at opening on p.2 consisting of large rectangular piece with empty gold cartouche surrounded by arabesques and floral motifs in gold with pink and red accents on a field of bright blue (cobalt), bordered in a band of red with white crosses and surmounted by a scalloped dome or triangular piece filled with similar vegetal decoration also on grounds of gold and blue, all set in a well of gold bands and surmounted by vertical stalks (tīgh) in blue ; second illuminated headpiece (rectangular with empty gold cartouche and delicate floral designs in white, pink, light blue, gold, etc.) on at opening of main text following preface on p.4 ; written area surrounded by gold frame ; textual dividers in the form of gold rosettes ; some keywords and headings chrysographed or overline in gold, others rubricated or in white ink ; marginal decorations in the form of roundels setting off seal impressions (on the rectos of many folia see pp.2-3, 5, 7, 9) with gold and blue borders and vertical stalks, or carrying invocation "نحمد الله على نعمائه الجميلة وعلى آلائه الجليلة وعلى الطافه الجزيلة حمدا دائما كثيرا" (p.4) or vegetal designs (see pp.6, 8, 10, i.e. on the versos of those same folia, filling the outline of the roundel bordering the seal impression on the recto) .</subfield></datafield><datafield tag="500" ind1=" " ind2=" "><subfield code="a">Script: Nastaʻlīq (talik) ; exquisite Turkish / Ottoman hand in a medium line ; serifless with effect of inclination to the right, gentle descent of words to baseline, elongation of horizontal strokes, pointing mainly in strokes or conjoined dots.</subfield></datafield><datafield tag="500" ind1=" " ind2=" "><subfield code="a">Layout: Written in 29-30 lines per page ; frame-ruled.</subfield></datafield><datafield tag="500" ind1=" " ind2=" "><subfield code="a">Collation: i, II (4), I+1 (7), i ; catchwords present (though now obscured in some places) ; pagination in Western numerals, supplied during digitization.</subfield></datafield><datafield tag="500" ind1=" " ind2=" "><subfield code="a">Explicit: "أن الشريف جليل ابن صلبي للشريف سيدى [؟] ابن الشريف مصطفى ابن الشريفة سلام من النسب الطاهر وذلك بعد أن أبرز حجة دالة على شرف جده وهو الشريف مصطفى ... معنونة بعنوان النقباء السالفين"</subfield></datafield><datafield tag="500" ind1=" " ind2=" "><subfield code="a">Incipit: "الحمد لله الذي خلق من الماء بشرا فجعله نسبا وصهرا وربى شجرة هذا النسب بمياه الحسب والادب والتقوى وجعل أصلها آدم الصفي الذي اجتباه ربه وهدى وأطلع ثمرتها النامية السامية في غصنها الاعلى سيد الورى فصارت كشجرة طيبة أصلها ثابت وفرعها في السما ... وبعد فالسبب الداعي إلى تحرير هذه النميقة الأنيقة والوثيقة الوثيقة هو أنه قد تبين وبهر وتعين وظهر وكالشمس في رابعة النهار اشتهر باخبار العالم العامل الرباني خادم الشرع الشريف الصمداني ... شيخ الاسلام ... مولانا اسعد افندي ... ابن المولى المرحوم ... مولانا سعد الدين ... أن شيخي ومولاي ... الشيخ السيد محمود افندى الاسكدارى ... من النسب الطاهر وسيادته بين الأنام بين وظاهر ..."</subfield></datafield><datafield tag="500" ind1=" " ind2=" "><subfield code="a">Title supplied by cataloguer.</subfield></datafield><datafield tag="500" ind1=" " ind2=" "><subfield code="a">Ms. codex.</subfield></datafield><datafield tag="505" ind1="0" ind2=" "><subfield code="a">3. p.12-p.14 : Nat-i Hazret-i Server-i Kainat ve Müfahhar-i mevcudat</subfield></datafield><datafield tag="505" ind1="0" ind2=" "><subfield code="a">2. p.11 : [blank].</subfield></datafield><datafield tag="505" ind1="0" ind2=" "><subfield code="a">1. p.2-p.10 : [records of the office of nakibüleşraf].</subfield></datafield><datafield tag="520" ind1="8" ind2=" "><subfield code="a">Elegant copy of what appears to be a record book of the Niqābat al-Ashrāf (office of nakibüleşraf or nakıbü'l-eşraflık) with each entry after the first (which is for al-Shaykh al-Sayyid Maḥmūd Afandī al-Uskudārī / Şeyh Mahmut Efendi Üsküdarî, d.1626) numbered and signed "شهود الحال خدام مجلس النقابة." Entries are followed by a poem in praise of the Prophet in Ottoman Turkish. Identification and contributions to the description provided by Ahmad Nazir Atassi. "Each entry is an attestation in front of prominent witnesses that a certain person has proven to be a sharīf by a document he produced that was signed by some previous Naqīb al-Ashrāf and that testifies the sharīfian rank of one of his ancestors." - from description provided by Ahmad Nazir Atassi.</subfield></datafield><datafield tag="538" ind1=" " ind2=" "><subfield code="a">Mode of access: Internet.</subfield></datafield><datafield tag="541" ind1=" " ind2=" "><subfield code="c">Purchase ;</subfield><subfield code="a">Acquired by purchase (funds donated by Horace Rackham).</subfield><subfield code="d">1924.</subfield></datafield><datafield tag="546" ind1=" " ind2=" "><subfield code="a">Arabic and Ottoman Turkish.</subfield></datafield><datafield tag="561" ind1=" " ind2=" "><subfield code="a">Inscription in pencil on verso of front flyleaf "537 T. De M. [i.e. Tammaro de Marinis]" ; large, circular seal impression repeated in outer margins throughout (pp.2-3, 5, 7, 9), dated 1025 [1616 or 17] with inscription "غبار خاک راهت میر قاسم ..." ; each attested entry marked with "كورلمشدر" (görülmişdir) in the margin.</subfield></datafield><datafield tag="600" ind1="0" ind2="0"><subfield code="a">Muḥammad,</subfield><subfield code="c">Prophet,</subfield><subfield code="d">-632</subfield><subfield code="x">Genealogy.</subfield></datafield><datafield tag="600" ind1="0" ind2="0"><subfield code="a">Muḥammad,</subfield><subfield code="c">Prophet,</subfield><subfield code="d">-632</subfield><subfield code="x">Family.</subfield></datafield><datafield tag="650" ind1=" " ind2="0"><subfield code="a">Manuscripts, Turkish</subfield><subfield code="z">Michigan</subfield><subfield code="z">Ann Arbor.</subfield></datafield><datafield tag="650" ind1=" " ind2="0"><subfield code="a">Manuscripts, Arabic</subfield><subfield code="z">Michigan</subfield><subfield code="z">Ann Arbor.</subfield></datafield><datafield tag="650" ind1=" " ind2="0"><subfield code="a">Muslims</subfield><subfield code="x">Geneaology.</subfield></datafield><datafield tag="651" ind1=" " ind2="0"><subfield code="a">Turkey</subfield><subfield code="x">History</subfield><subfield code="y">Ahmed I, 1603-1617</subfield><subfield code="v">Sources.</subfield></datafield><datafield tag="700" ind1="0" ind2=" "><subfield code="a">Abdülhamid</subfield><subfield code="b">II,</subfield><subfield code="c">Sultan of the Turks,</subfield><subfield code="d">1842-1918,</subfield><subfield code="e">former owner.</subfield></datafield><datafield tag="740" ind1="0" ind2="2"><subfield code="6">880-05</subfield><subfield code="a">Nat-i Hazret-i Server-i kainat ve Müfahhar-i mevcudat</subfield></datafield><datafield tag="773" ind1="0" ind2=" "><subfield code="a">Abdul Hamid Collection.</subfield></datafield><datafield tag="880" ind1="0" ind2="2"><subfield code="6">740-05/</subfield><subfield code="a">نعت حضرت سرور كائنات ومفخر موجودات</subfield></datafield><datafield tag="880" ind1="0" ind2="0"><subfield code="6">245-03/</subfield><subfield code="a">[دفتر,</subfield><subfield code="f">ح. 1026ه، 1617م].</subfield></datafield><datafield tag="CID" ind1=" " ind2=" "><subfield code="a">006795313</subfield></datafield><datafield tag="DAT" ind1="0" ind2=" "><subfield code="a">20190719102636.0</subfield><subfield code="b">20190719000000.0</subfield></datafield><datafield tag="DAT" ind1="1" ind2=" "><subfield code="a">20190719090653.0</subfield><subfield code="b">2019-07-19T16:11:17Z</subfield></datafield><datafield tag="DAT" ind1="2" ind2=" "><subfield code="a">2015-10-02T18:00:03Z</subfield></datafield><datafield tag="CAT" ind1=" " ind2=" "><subfield code="a">SDR-MIU</subfield><subfield code="d">EX LIBRIS - ALEPH</subfield><subfield code="l">prepare.pl-004-008</subfield></datafield><datafield tag="FMT" ind1=" " ind2=" "><subfield code="a">BK</subfield></datafield><datafield tag="HOL" ind1=" " ind2=" "><subfield code="0">sdr-miu006795313</subfield><subfield code="a">MiU</subfield><subfield code="b">SDR</subfield><subfield code="c">MIU</subfield><subfield code="p">mdp.39015079126267</subfield><subfield code="s">MIU</subfield><subfield code="1">006795313</subfield></datafield><datafield tag="974" ind1=" " ind2=" "><subfield code="b">MIU</subfield><subfield code="c">MIU</subfield><subfield code="d">20190719</subfield><subfield code="s">lit-dlps-dc</subfield><subfield code="u">mdp.39015079126267</subfield><subfield code="y">1617</subfield><subfield code="r">pd</subfield><subfield code="q">bib</subfield><subfield code="t">non-US bib date1 &lt; 1879</subfield></datafield></record></collection>